% Encoding: UTF-8

@InProceedings{LDARGENT2016,
  author =    {L.Dargent},
  title =     {Profilage pilote par apprentissage 
automatique pour reconfiguration IHM}
}	

@InProceedings{FITTS,
  author =    {P. M. Fitts},
  title =     {Human Engineering for an effective air-navigation and traffic-control system}
}

@InProceedings{NOTHWANG,
  author =    {W. D. Nothwang, R. M. Robinson, S. A. Burden, M. K. McCourt, J. Williard Curtis},
  title =     {The Human Should be Part of the Control Loop?}
}

@InProceedings{SOUZA,
  author =    {P. E. U. Souza, C. P. Carvalho Chanel, F. Dehais},
  title =     {MOMDP-based target search mission taking into account the human operator’s cognitive state}
}

@InProceedings{ONG,
  author =    {S. C. W. Ong, Shao Wei Png, D. Hsu, Wee Sun Lee},
  title =     {The Human Should be Part of the Control Loop?}
}

@InProceedings{GATEAU,
  author =    {T. Gateau, C. P. Carvalho Chanel, Mai-Hui Le, F. Dehais},
  title =     {Considering Human's Non-Deterministic Behavior and his Availability State When Designing a Collaborative Human-Robots System}
}

@InProceedings{WILSON,
  author =    {M. M. Wilson},
  title =     {Development of Online Cardiac Feedback for Control Applications}
}

@InProceedings{SUTTON,
  author =    {R. S. Sutton, A. G. Barto},
  title =     {Reinforcement Learning, an introduction},
  booktitle = {Reinforcement Learning, an introduction}
}

@InProceedings{MUNOS1,
  author =    {R. Munos},
  title =     {Introduction à l'apprentissage par renforcement}
}

@InProceedings{MUNOS2,
  author =    {R. Munos},
  title =     {Algorithmes d'apprentissage par renforcement}
}

@article{sutton1988learning,
  title={Learning to predict by the methods of temporal differences},
  author={Sutton, Richard S},
  journal={Machine learning},
  volume={3},
  number={1},
  pages={9--44},
  year={1988},
  publisher={Springer}
}

@inproceedings{rachelson2011optimal,
  title={Optimal sample selection for batch-mode reinforcement learning},
  author={Rachelson, Emmanuel and Schnitzler, Fran{\c{c}}ois and Wehenkel, Louis and Ernst, Damien},
  booktitle={Proceedings of the 3rd International Conference on Agents and Artificial Intelligence (ICAART 2011)},
  year={2011}
}

@article{silver2016mastering,
  title={Mastering the game of Go with deep neural networks and tree search},
  author={Silver, David and Huang, Aja and Maddison, Chris J and Guez, Arthur and Sifre, Laurent and Van Den Driessche, George and Schrittwieser, Julian and Antonoglou, Ioannis and Panneershelvam, Veda and Lanctot, Marc and others},
  journal={Nature},
  volume={529},
  number={7587},
  pages={484--489},
  year={2016},
  publisher={Nature Research}
}


