

@inproceedings{Nikolaidis:2015:EML:2696454.2696455,
 author = {Nikolaidis, Stefanos and Ramakrishnan, Ramya and Gu, Keren and Shah, Julie},
 title = {Efficient Model Learning from Joint-Action Demonstrations for Human-Robot Collaborative Tasks},
 booktitle = {Proceedings of the ACM/IEEE International Conference on Human-Robot Interaction},
 series = {HRI '15},
 year = {2015},
% isbn = {978-1-4503-2883-8},
% location = {Portland, Oregon, USA},
% pages = {189--196},
% numpages = {8},
% url = {http://doi.acm.org/10.1145/2696454.2696455},
% doi = {10.1145/2696454.2696455},
% acmid = {2696455},
% publisher = {ACM},
% address = {New York, NY, USA},
% keywords = {human-robot collaboration, mixed observability markov decision process, model learning},
} 

@inproceedings{Souza:2015:MTS:2921564.2921916,
 author = {Souza, Paulo Eduardo Ubaldino de and Chanel, Caroline Ponzoni Carvalho and Dehais, Frederic},
 title = {MOMDP-Based Target Search Mission Taking into Account the Human Operator's Cognitive State},
 booktitle = {Proceedings of the IEEE International Conference on Tools with Artificial Intelligence},
 series = {ICTAI '15},
 year = {2015},
 %isbn = {978-1-5090-0163-7},
 %pages = {729--736},
 %numpages = {8},
 %url = {http://dx.doi.org/10.1109/ICTAI.2015.109},
 %doi = {10.1109/ICTAI.2015.109},
 %acmid = {2921916},
 %publisher = {IEEE Computer Society},
 %address = {Washington, DC, USA},
} 

@inproceedings{DBLP:2016:conf/iros/GateauCLD16,
  author    = {Thibault Gateau and
               Caroline Ponzoni Carvalho Chanel and
               Mai{-}Huy Le and
               Fr{\'{e}}d{\'{e}}ric Dehais},
  title     = {Considering human's non-deterministic behavior and his availability
               state when designing a collaborative human-robots system},
  booktitle = {{IEEE/RSJ} International Conference on Intelligent Robots and
               Systems},
  series = {IROS '16},
  year      = {2016},
%  crossref  = {DBLP:conf/iros/2016},
%  url       = {http://dx.doi.org/10.1109/IROS.2016.7759646},
%  doi       = {10.1109/IROS.2016.7759646},
%  timestamp = {Mon, 05 Dec 2016 17:27:40 +0100},
%  biburl    = {http://dblp.uni-trier.de/rec/bib/conf/iros/GateauCLD16},
%  bibsource = {dblp computer science bibliography, http://dblp.org}
}

@inproceedings{Regis2014FormalDO,
    author={Nicolas Regis and 
	Fr{\'e}d{\'e}ric Dehais and 
	Emmanuel Rachelson and 
	Charles Thooris and 
	Sergio Pizziol and 
	Micka{\"{e}l Causse}, 
%and 
%	Catherine Tessier},
    title={Formal Detection of Attentional Tunneling in Human Operator-Automation Interactions},
    booktitle={IEEE Trans. Human-Machine Systems},
    series = {THMS '14},
    year={2014},
%  volume={44},
%  pages={326-336}
}

@ARTICLE{Williams04asummary,
    author = {Kevin W. Williams},
    title = {A Summary of Unmanned Aircraft Accident/Incident Data: Human Factors Implications},
    journal = {U.S. Department of Transportation, Federal Aviation Administration, Civil Aerospace Medical Institute},
%, Oklahoma City
    year = {2004},
%    volume = {4}
}

@inproceedings{DBLP:conf/sum/DrougardDFT15,
  author    = {Nicolas Drougard and
               Didier Dubois and
               Jean{-}Loup Farges and
               Florent Teichteil{-}K{\"{o}}nigsbuch},
  title     = {Planning in Partially Observable Domains with Fuzzy Epistemic States
               and Probabilistic Dynamics},
  booktitle = {Scalable Uncertainty Management - 9th International Conference, {SUM}
               2015},
  year      = {2015}
}

